@TechReport{TR01,
  author      = {Taglang G and Jackson DB},
  title       = {Use of "big data" in drug discovery and clinical trials},
  institution = {Molecular Health GmbH},
  year        = {2016},
  type        = {Article},
  address     = {69115 Heidelberg, Germany.},
  month       = {Apr},
  doi         = {10.1016/j.ygyno.2016.02.022},
  timestamp   = {2016-04-14},
  url         = {https://www.ncbi.nlm.nih.gov/pubmed/27016224?report=abstract},
}
@TechReport{TR02,
  author      = {Jamie Cattell and Sastry Chilikuri and Michael Levy},
  title       = {How big data can revolutionize pharmaceutical R\&D},
  institution = {McKinsey Center for Government},
  year        = {2013},
  type        = {White Paper},
  url         = {https://www.mckinsey.com/~/media/mckinsey/dotcom/client_service/public\%20sector/regulatory\%20excellence/how_big_data_can_revolutionize_pharmaceutical_research.ashx},
}
@TechReport{TR03,
  author      = {Dr. Sarika Vanarse},
  title       = {BIG DATA BREATHES LIFE INTO NEXT-GEN PHARMA R\&D},
  institution = {Wipro},
  year        = {2014},
  type        = {techreport},
  address     = {DODDAKANNELLI, SARJAPUR ROAD, BANGALORE - 560 035, INDIA},
  month       = apr,
  url         = {http://www.wipro.com/documents/big-data-breathes-life-into-next-gen-pharma-RD.pdf},
}
@TechReport{TR04,
  author      = {Dr. Adrienne Heinrich and Aizea Lojo and Dr. Alejandro Rodríguez González and Dr. Andrejs Vasiljevs and Chiara Garattini and Cristobal Costa-Soria and Dirk Hamelinck and Elvira Narro Artigot and Prof. Ernestina Menasalvas and PD Dr. habil. Feiyu Xu and Dr. Felix Sasaki and Prof. Frank Møller Aarestrup and Gisele Roesems – Kerremans and Jack Thoms and Marga Martin Sanchez and Marija Despenic and Mario Romao and Matteo Melideo and Prof. Dr. Miguel A. Mayer and Prof. Dr. Milan Petkovic and Dr. Nenad Stojanovic and Nozha Boujemaa and Patricia Casla Mag and Paul Czech and Prof. Roel Wuyts and Sergio Consoli and Dr. rer. Nat. Stefan Rüping and Stuart Campbell and Dr. Supriyo Chatterjea and Prof. Dr. Ir. Wessel Kraaij and Wilfried Verachtert and Dr. Wouter Spek and Ziawasch Abedjan},
  title       = {Big Data Technologies in Healthcare},
  institution = {Big data value association},
  year        = {2016},
  type        = {techreport},
  month       = dec,
  timestamp   = {2016-12-21},
  url         = {http://www.bdva.eu/sites/default/files/Big\%20Data\%20Technologies\%20in\%20Healthcare.pdf},
}
@TechReport{TR05,
  author      = {F. Hoffmann-La Roche Ltd},
  title       = {Understanding Clinical Trials},
  institution = {GPS Public Affairs},
  year        = {2013},
  type        = {techreport},
  address     = {4070, Basel, Switzerland},
  url         = {https://www.roche.com/dam/jcr:1d4d1b52-7e01-43ac-862f-17bb59912485/en/understanding_clinical_trials.pdf},
}
@TechReport{TR06,
  author      = {Jennifer Bresnick},
  title       = {Big pharma opens up big data for clinical trials, analytics},
  institution = {Intelligent Media Network},
  year        = {2014},
  type        = {White Paper},
  month       = jul,
  timestamp   = {2014-07-23},
  url         = {https://healthitanalytics.com/news/big-pharma-opens-up-big-data-for-clinical-trials-analytics},
}
@TechReport{TR07,
  author      = {John Gantz and David Reinsel},
  title       = {THE DIGITAL UNIVERSE IN 2020: Big Data, Bigger Digital Shadows, and Biggest Growth in the Far East},
  institution = {EMC Corporation},
  year        = {2012},
  type        = {White Paper},
  address     = {5 Speen Street Framingham, MA 01701 USA},
  month       = dec,
  timestamp   = {2012-12-01},
  url         = {https://www.emc.com/collateral/analyst-reports/idc-the-digital-universe-in-2020.pdf},
}
